<record><leader>00000cas a22000007a 4500</leader><controlfield tag="001">13043327</controlfield><controlfield tag="008">860121d18861900pauwr ne      0    0eng d</controlfield><datafield ind1=" " ind2=" " tag="010"><subfield code="a">sn 86081018 </subfield></datafield><datafield ind1=" " ind2=" " tag="040"><subfield code="a">NPH</subfield><subfield code="b">eng</subfield><subfield code="c">NPH</subfield><subfield code="d">OCLCQ</subfield></datafield><datafield ind1=" " ind2=" " tag="042"><subfield code="a">msc</subfield></datafield><datafield ind1="0" ind2=" " tag="130"><subfield code="a">Clipper (Pittsburgh, Pa.)</subfield></datafield><datafield ind1="1" ind2="4" tag="245"><subfield code="a">The clipper.</subfield></datafield><datafield ind1=" " ind2=" " tag="260"><subfield code="a">Pittsburgh [Pa.] :</subfield><subfield code="b">H.C. Knapp</subfield></datafield><datafield ind1=" " ind2=" " tag="300"><subfield code="a">v. :</subfield><subfield code="b">ill. ;</subfield><subfield code="c">47 cm.</subfield></datafield><datafield ind1=" " ind2=" " tag="310"><subfield code="a">Weekly</subfield></datafield><datafield ind1="1" ind2=" " tag="362"><subfield code="a">Began in Nov. 1886; ceased in 1900?</subfield><subfield code="z">Cf. Rossell, G. Pa. newspapers.</subfield></datafield><datafield ind1=" " ind2=" " tag="500"><subfield code="a">"Devoted to the interest of business men of East Pittsburgh," &lt;1886&gt;; "Devoted to local and social news and select literature," &lt;1890&gt;.</subfield></datafield><datafield ind1=" " ind2=" " tag="588"><subfield code="a">Description based on: Vol. 1, no. 2 (Nov. 27, 1886).</subfield></datafield><datafield ind1=" " ind2=" " tag="752"><subfield code="a">United States</subfield><subfield code="b">Pennsylvania</subfield><subfield code="c">Allegheny</subfield><subfield code="d">Pittsburgh.</subfield></datafield></record>